
@book{mosesBook,
  title="{Inertial confinement fusion}",
  author={Duderstadt, James Jj and Moses, Gregory Aa },
  year={1982},
  publisher={Wiley New York}
}

@article{aNewShock,
  title="{Physics issues for shock ignition}",
  author={Batani, Dd and others},
  journal={Nuclear Fusion},
  volume={54},
  number={5},
  year={2014},
  url={http://stacks.iop.org/0029-5515/54/i=5/a=054009},
  publisher={IOP Publishing}
}

@article{perkinsPaper,
  title = "{Shock Ignition: A New Approach to High Gain Inertial Confinement Fusion on the National Ignition Facility}",
  author = {Perkins, Ll Jj and others},
  journal = {Phys. Rev. Lett.},
  volume = {103},
  issue = {4},
  numpages = {4},
  year = {2009},
  month = {Jul},
  publisher = {American Physical Society},
  doi = {10.1103/PhysRevLett.103.045004},
  url = {http://link.aps.org/doi/10.1103/PhysRevLett.103.045004}
}

@techreport{summaryPaper,
  title="{On the Fielding of a High Gain, Shock-Ignited Target on the National Ignition Facility in the Near Term}",
  author={Perkins, Ll Jj and others},
  year={2010},
  url = {http://dx.doi.org/10.2172/1013209},
  institution={Lawrence Livermore National Laboratory},
  address ={Livermore, CA}
}

@PHDTHESIS{terryThesis,
   author = {Terry, Mm Rr},
    title = "{Effect of different charged particle stopping power models on ICG ignition}",
   school = {The University of Wisconsin - Madison},
     year = {2010}
}


@article{terryPaper,
   author = "Terry, Matthew Rr and Perkins, Ll John and Sepke, Scott Mm ",
   title = "{Design of a deuterium and tritium-ablator shock ignition target for the National Ignition Facility}",
   journal = "Physics of Plasmas",
   year = "2012",
   volume = "19",
   number = "11", 
   url = "http://scitation.aip.org/content/aip/journal/pop/19/11/10.1063/1.4765354",
   doi = "http://dx.doi.org/10.1063/1.4765354" 
}


@article{picketPaper,
  title="{Studies on the robustness of shock-ignited laser fusion targets}",
  author={Atzeni, Ss and Schiavi, Aa and Marocchino, Aa },
  journal={Plasma Physics and Controlled Fusion},
  volume={53},
  number={3},
  pages={035010},
  year={2011},
  publisher={IOP Publishing},
  url = {http://stacks.iop.org/0741-3335/53/i=3/a=035010},
  doi = {doi:10.1088/0741-3335/53/3/035010}
}




@article{resultsVsSims,
   author = "Robey, Hh Ff and others",
   title = "{Shock timing experiments on the National Ignition Facility: Initial results and comparison with simulation}",
   journal = "Physics of Plasmas",
   year = "2012",
   volume = "19",
   number = "4", 
   eid = 042706,
   url = "http://scitation.aip.org/content/aip/journal/pop/19/4/10.1063/1.3694122",
   doi = "http://dx.doi.org/10.1063/1.3694122" 
}



@article {htc,
author = {Thain, Douglas and Tannenbaum, Todd and Livny, Miron},
title = "{Distributed computing in practice: the Condor experience}",
journal = {Concurrency and Computation: Practice and Experience},
volume = {17},
number = {2-4},
publisher = {John Wiley & Sons, Ltd.},
issn = {1532-0634},
url = {http://dx.doi.org/10.1002/cpe.938},
doi = {10.1002/cpe.938},
year = {2005},
}

@article{bucky,
  title="{BUCKY-1--A 1-D Radiation Hydrodynamics Code for Simulating Inertial Confinement Fusion High Energy Density Plasmas}",
  author={MacFarlane, Jj Jj and Moses, Gg Aa and Peterson, Rr Rr },
  journal={UWFDM-984},
  year={1995}
}










@article{0741-3335-51-12-124029,
  author={S Atzeni},
  title="{Laser driven inertial fusion: the physical basis of current and recently proposed ignition experiments}",
  journal={Plasma Physics and Controlled Fusion},
  volume={51},
  number={12},
  pages={124029},
  url={http://stacks.iop.org/0741-3335/51/i=12/a=124029},
  year={2009},
  publisher={IOP Publishing}
}


@article{:/content/aip/journal/pop/20/5/10.1063/1.4804635,
   author = "Anderson, K. S. and Betti, R. and McKenty, P. W. and Collins, T. J. B. and Hohenberger, M. and Theobald, W. and Craxton, R. S. and Delettrez, J. A. and Lafon, M. and Marozas, J. A. and Nora, R. and Skupsky, S. and Shvydky, A.",
   title = "{A polar-drive shock-ignition design for the National Ignition Facility}",
   journal = "Physics of Plasmas",
   year = "2013",
   volume = "20",
   number = "5", 
   eid = 056312,
   pages = "-",
   url = "http://scitation.aip.org/content/aip/journal/pop/20/5/10.1063/1.4804635",
   doi = "http://dx.doi.org/10.1063/1.4804635" 
}













@article{htcondor,
  title="{HTCondor Version 8.3.0 Manual}",
  year={2014},
}



@inproceedings{Atzeni:13, 
author = {Stefano Atzeni and Alberto Marocchino and Angelo Schiavi and Guy Schurtz}, 
booktitle = {CLEO: 2013}, 
journal = {CLEO: 2013},
keywords = {Fusion; Plasmas},
pages = {ATh1O.4},
publisher = {Optical Society of America},
title = {Studies on Shock Ignition Targets for Inertial Fusion Energy}, 
year = {2013},
url = {http://www.opticsinfobase.org/abstract.cfm?URI=CLEO_AT-2013-ATh1O.4}, 
doi = {10.1364/CLEO_AT.2013.ATh1O.4},
}


@article{atzeni2014shock,
  title={Shock ignition of thermonuclear fuel: principles and modelling},
  author={Atzeni, S and Ribeyre, X and Schurtz, G and Schmitt, AJ and Canaud, B and Betti, R and Perkins, LJ},
  journal={Nuclear Fusion},
  volume={54},
  number={5},
  pages={054008},
  year={2014},
  publisher={IOP Publishing}
}







































@Book{thomason-formal,
  author    = "Richard Montague",
  editor    = "Richmond Thomason",
  title     = "Formal Philosophy: Selected Papers of {R}ichard {M}ontague\textup{, ed.\ {R}ichmond {T}homason}",
  booktitle = "Formal Philosophy: Selected Papers of {R}ichard {M}ontague",
  address   = "New Haven",
  publisher = "Yale University Press",
  year      = 1974
  url    =  "http://www.google.com/"
}


@article{IEEEexample:article_typical,
  author  = "S. Zhang and C. Zhu and J. K. O. Sin
             and P. K. T. Mok",
  title   = "A Novel Ultrathin Elevated Channel
             Low-temperature Poly-{Si} {TFT}",
  journal = IEEE_J_EDL,
  volume  = "20",
  month   = nov,
  year    = "1999",
  pages   = "569-571"
  url    =  "http://www.google.com/"
}



@inproceedings{IEEEexample:conf_typical,
  author    = "R. K. Gupta and S. D. Senturia",
  title     = "Pull-in Time Dynamics as a Measure
               of Absolute Pressure",
  booktitle = "Proc. {IEEE} International Workshop
               on Microelectromechanical Systems
               ({MEMS}?97)",
  address   = "Nagoya, Japan",
  month     = jan,
  year      = "1997",
  pages     = "290-294"
  url    =  "http://www.google.com/"
}




@book{IEEEexample:book_typical,
  author    = "B. D. Cullity",
  title     = "Introduction to Magnetic Materials",
  publisher = "Addison-Wesley",
  address   = "Reading, MA",
  year      = "1972"
  url    =  "http://www.google.com/"
}


@article{PhysRevLett.98.155001,
  title = {Shock Ignition of Thermonuclear Fuel with High Areal Density},
  author = {Betti, R. and Zhou, C. D. and Anderson, K. S. and Perkins, L. J. and Theobald, W. and Solodov, A. A.},
  journal = {Phys. Rev. Lett.},
  volume = {98},
  issue = {15},
  pages = {155001},
  numpages = {4},
  year = {2007},
  month = {Apr},
  publisher = {American Physical Society},
  doi = {10.1103/PhysRevLett.98.155001},
  url = {http://link.aps.org/doi/10.1103/PhysRevLett.98.155001}
}
